@article{mehdad,
	author = {Yashar Mehdad and Joel Tetreault},
	year = "2016",
	title = {Do characters abuse more than words?},
	journal = {Proceedings of the 17th Annual Meeting of the Special Interest Group on Discourse and Dialogue},
}

@article{wulczyn,
	title = {Ex {Machina}: {Personal} {Attacks} {Seen} at {Scale}},
	shorttitle = {Ex {Machina}},
	url = {http://arxiv.org/abs/1610.08914},
	urldate = {2017-04-18},
	journal = {arXiv:1610.08914 [cs]},
	author = {Wulczyn, Ellery and Thain, Nithum and Dixon, Lucas},
	month = oct,
	year = {2016},
	note = {arXiv: 1610.08914},
	keywords = {Computer Science - Computation and Language},
	file = {arXiv\:1610.08914 PDF:C\:\\Users\\Courtney\\AppData\\Roaming\\Zotero\\Zotero\\Profiles\\cuj8omni.default\\zotero\\storage\\MTV6FBME\\Wulczyn et al. - 2016 - Ex Machina Personal Attacks Seen at Scale.pdf:application/pdf;arXiv.org Snapshot:C\:\\Users\\Courtney\\AppData\\Roaming\\Zotero\\Zotero\\Profiles\\cuj8omni.default\\zotero\\storage\\H4VK2ZJ6\\1610.html:text/html}
}